@book{boucs12,
author = {Boucsein, W},
mendeley-groups = {REKNOW - PsyPhyPrimer/ch2{\_}EDA},
publisher = {Springer Science {\&} Business Media},
title = {{Electrodermal activity}},
year = {2012}
}
@Manual{jtools,
title = {jtools: Analysis and Presentation of Social Scientific
  Data},
author = {Jacob A. Long},
year = {2018},
note = {R package version 1.1.1},
url = {https://cran.r-project.org/package=jtools},
}
@book{Schull2014,
address = {Princeton, N.J.; Oxford},
author = {Schull, Natasha Dow.},
isbn = {9780691160887 0691160880},
publisher = {Princeton University Press},
title = {{Addiction by design : machine gambling in Las Vegas}},
year = {2014}
}
@inproceedings{Rauterberg1995,
address = {Marburg, Germany},
author = {Rauterberg, Matthias},
booktitle = {IFIP International Working Conference on Information System Concept: Toward a Consolidation of Views},
pages = {54--71},
publisher = {Chapman {\&} Hall},
title = {{About a framework for information and information processing of learning systems}},
year = {1995}
}
@article{Csikszentmihalyi1999,
address = {US},
author = {Csikszentmihalyi, Mihaly},
journal = {American Psychologist},
number = {10},
pages = {821--827},
publisher = {American Psychological Association},
title = {{If we are so rich, why aren't we happy?}},
volume = {54},
year = {1999}
}
@Manual{R2014,
 title = {R: A Language and Environment for Statistical Computing},
 author = {{R Core Team}},
 organization = {R Foundation for Statistical Computing},
 address = {Vienna, Austria},
 year = {2014},
}
@article{toivanen2014,
author = {Toivanen, Miika and Pettersson, Kati and Lukander, Kristian},
journal = {Journal of Eye Movement Research},
number = {2},
pages = {1--14},
title = {{A probabilistic real-time algorithm for detecting blinks , saccades , and fixations from EOG data}},
volume = {8},
year = {2015}
}
@article{DeManzano2013,
author = {de Manzano, {\"{O}}rjan and Cervenka, Simon and Jucaite, Aurelija and Hellen{\"{a}}s, Oscar and Farde, Lars and Ull{\'{e}}n, Fredrik},
journal = {NeuroImage},
pages = {1--6},
title = {{Individual differences in the proneness to have flow experiences are linked to dopamine D2-receptor availability in the dorsal striatum}},
volume = {67},
year = {2013}
}
@Book{Rheinberg2003,
address = {G{\"{o}}ttingen},
author = {Rheinberg, Falko and Vollmeyer, Regina and Engeser, Stefan},
booktitle = {Diagnostik von Selbstkonzept, Lernmotivation und Selbstregulation [Diagnosis of Motivation and Self-Concept]},
editor = {Stiensmeier-Pelster, Joachim and Rheinberg, Falko},
institution = {Institut f{\"{u}}r Psychologie},
isbn = {3-8017-1674-0},
pages = {261 -- 279},
publisher = {Hogrefe},
title = {{Die Erfassung des Flow-Erlebens [The Assessment of Flow Experience]}},
year = {2003}
}
@book{Newell1982,
address = {Pittsburgh, Pa.},
author = {Newell, Allen. and Rosenbloom, Paul S},
publisher = {Design Research Center, Carnegie-Mellon University},
title = {{Mechanisms of skill acquisition and the law of practice}},
year = {1982}
}
@article{Engeser2008,
author = {Engeser, Stefan and Rheinberg, Falko},
journal = {Motivation and Emotion},
number = {3},
pages = {158--172},
title = {{Flow, performance and moderators of challenge-skill balance}},
volume = {32},
year = {2008}
}
@article{Cornsweet1962,
 author = {Tom N. Cornsweet},
 journal = {The American Journal of Psychology},
 number = {3},
 pages = {485--491},
 publisher = {University of Illinois Press},
 title = {The Staircase-Method in Psychophysics},
 volume = {75},
 year = {1962}
}
@article{Keller2008,
author = {Keller, Johannes and Blomann, Frederik},
journal = {European Journal of Personality},
number = {7},
pages = {589--607},
title = {{Locus of control and the flow experience: An experimental analysis}},
volume = {22},
year = {2008}
}
@incollection{Harris2017,
author = {Harris, David J and Vine, Samuel J and Wilson, Mark R},
booktitle = {Sport and the Brain: The Science of Preparing, Enduring and Winning, Part B},
editor = {Wilson, Mark R and Walsh, Vincent and Parkin, Beth},
pages = {221--243},
publisher = {Elsevier},
series = {Progress in Brain Research},
title = {{Neurocognitive mechanisms of the flow state}},
volume = {234},
year = {2017}
}
@article{Chen2007,
 author = {Chen, Jenova},
 title = {Flow in Games (and Everything else)},
 journal = {Commun. ACM},
 issue_date = {April 2007},
 volume = {50},
 number = {4},
 year = {2007},
 pages = {31--34},
 numpages = {4},
 acmid = {1232769},
 publisher = {ACM},
 address = {New York, NY, USA},
}
@article{Jackson1996,
author = {Jackson, Susan A. and Marsh, Herbert W.},
journal = {Journal of Sport and Exercise Psychology},
number = {1},
pages = {17--35},
title = {{Development and Validation of a Scale to Measure Optimal Experience: The Flow State Scale}},
volume = {18},
year = {1996}
}
@article{Csikszentmihalyi1971,
author = {Csikszentmihalyi, Mihaly and Bennett, Stith},
journal = {American Anthropologist},
number = {1},
pages = {45--58},
title = {{An Exploratory Model of Play}},
volume = {73},
year = {1971}
}
@article{Csikszentmihalyi1975,
author = {Csikszentmihalyi, Mihalyi},
journal = {Journal of Humanistic Psychology},
number = {3},
pages = {41--63},
title = {{Play and Intrinsic Rewards}},
year = {1975},
volume = {15}
}
@incollection{Nakamura2002,
address = {New York (NY)},
author = {Nakamura, Jeanne and Csikszentmihalyi, Mihaly},
booktitle = {Handbook of positive psychology},
editor = {Snyder, C. R. and Lopez, Shane J.},
pages = {89--105},
publisher = {Oxford University Press},
title = {{The concept of flow.}},
year = {2002}
}
@article{Slagter2012,
  author    = {Heleen A. Slagter and
               Rachel Tomer and
               Bradley T. Christian and
               Andrew S. Fox and
               Lorenza S. Colzato and
               Carlye R. King and
               Dhanabalan Murali and
               Richard J. Davidson},
  title     = {{PET} Evidence for a Role for Striatal Dopamine in the Attentional
               Blink: Functional Implications},
  journal   = {J. Cognitive Neuroscience},
  volume    = {24},
  number    = {9},
  pages     = {1932--1940},
  year      = {2012},
}
@article{COLZATO2008,
author = {Colzato, Lorenza S and Slagter, Heleen A and Spap{\'{e}}, Michiel M A and Hommel, Bernhard},
journal = {Neuropsychologia},
number = {13},
pages = {3179--3183},
title = {{Blinks of the eye predict blinks of the mind}},
volume = {46},
year = {2008}
}
@article{Karson1983,
author = {Karson, Craig N.},
journal = {Brain},
number = {3},
pages = {643--653},
pmid = {6640274},
title = {{Spontaneous eye-blink rates and dopaminergic systems.}},
volume = {106 (Pt 3)},
year = {1983}
}
@article{Taylor1999,
author = {Taylor, J R and Elsworth, J D and Lawrence, M S and Sladek, J R and Roth, R H and Redmond, D E},
journal = {Experimental neurology},
number = {1},
pages = {214--20},
pmid = {10448434},
title = {{Spontaneous blink rates correlate with dopamine levels in the caudate nucleus of MPTP-treated monkeys.}},
volume = {158},
year = {1999}
}
@article{Seger2005,
author = {Seger, Carol A and Cincotta, Corinna M},
journal = {The Journal of neuroscience : the official journal of the Society for Neuroscience},
number = {11},
pages = {2941--51},
title = {{The roles of the caudate nucleus in human classification learning.}},
volume = {25},
year = {2005}
}
@article{Schrimsher2002,
author = {Schrimsher, G. W. and Billingsley, R. L. and Jackson, E. F. and Moore, B. D.},
journal = {Journal of Child Neurology},
number = {12},
pages = {877--884},
title = {{Caudate Nucleus Volume Asymmetry Predicts Attention-Deficit Hyperactivity Disorder (ADHD) Symptomatology in Children}},
volume = {17},
year = {2002}
}
@article{Slagter2015,
author = {Slagter, Heleen A. and Georgopoulou, Katerina and Frank, Michael J.},
journal = {Neuropsychologia},
pages = {126--132},
pmid = {25823998},
title = {{Spontaneous eye blink rate predicts learning from negative, but not positive, outcomes}},
volume = {71},
year = {2015}
}
@article{Muller2007,
author = {M{\"{u}}ller, Johannes and Dreisbach, Gesine and Brocke, Burkhard and Lesch, Klaus-Peter and Strobel, Alexander and Goschke, Thomas},
journal = {Brain research},
number = {1},
pages = {155--62},
pmid = {17156756},
title = {{Dopamine and cognitive control: the influence of spontaneous eyeblink rate, DRD4 exon III polymorphism and gender on flexibility in set-shifting.}},
volume = {1131},
year = {2007}
}
@article{Dreisbach2005,
author = {Dreisbach, Gesine and M{\"{u}}ller, Johannes and Goschke, Thomas and Strobel, Alexander and Schulze, Katja and Lesch, Klaus-Peter and Brocke, Burkhard},
journal = {Behavioral neuroscience},
number = {2},
pages = {483--90},
pmid = {15839794},
title = {{Dopamine and cognitive control: the influence of spontaneous eyeblink rate and dopamine gene polymorphisms on perseveration and distractibility.}},
volume = {119},
year = {2005}
}
@inbook{Engeser2012outro,
address = {New York, NY},
author = {Engeser, Stefan},
booktitle = {Advances in Flow Research},
editor = {Engeser, Stefan},
isbn = {978-1-4614-2359-1},
pages = {187--199},
publisher = {Springer New York},
title = {{Theoretical Integration and Future Lines of Flow Research}},
year = {2012}
}
@inbook{Baumann2012,
address = {New York, NY},
author = {Baumann, Nicola},
booktitle = {Advances in Flow Research},
editor = {Engeser, Stefan},
isbn = {978-1-4614-2359-1},
pages = {165--186},
publisher = {Springer New York},
title = {{Autotelic Personality}},
year = {2012}
}
@inbook{Peifer2012,
address = {New York, NY},
author = {Peifer, Corinna},
booktitle = {Advances in Flow Research},
editor = {Engeser, Stefan},
isbn = {978-1-4614-2359-1},
pages = {139--164},
publisher = {Springer New York},
title = {{Psychophysiological Correlates of Flow-Experience}},
year = {2012}
}
@inbook{Schueler2012,
address = {New York, NY},
author = {Sch{\"{u}}ler, Julia},
booktitle = {Advances in Flow Research},
editor = {Engeser, Stefan},
isbn = {978-1-4614-2359-1},
pages = {123--137},
publisher = {Springer New York},
title = {{The Dark Side of the Moon}},
year = {2012}
}
@inbook{Abuhamdeh2012,
address = {New York, NY},
author = {Abuhamdeh, Sami},
booktitle = {Advances in Flow Research},
editor = {Engeser, Stefan},
isbn = {978-1-4614-2359-1},
pages = {109--121},
publisher = {Springer New York},
title = {{A Conceptual Framework for the Integration of Flow Theory and Cognitive Evaluation Theory}},
year = {2012}
}
@inbook{SchiepeTiska2012,
address = {New York, NY},
author = {Schiepe-Tiska, Anja and Engeser, Stefan},
booktitle = {Advances in Flow Research},
editor = {Engeser, Stefan},
isbn = {978-1-4614-2359-1},
pages = {87--107},
publisher = {Springer New York},
title = {{Flow in Nonachievement Situations}},
year = {2012}
}
@inbook{Keller2012,
address = {New York, NY},
author = {Keller, Johannes and Landh{\"{a}}u{\ss}er, Anne},
booktitle = {Advances in Flow Research},
editor = {Engeser, Stefan},
isbn = {978-1-4614-2359-1},
pages = {51--64},
publisher = {Springer New York},
title = {{The Flow Model Revisited}},
year = {2012}
}
@inbook{Moneta2012,
address = {New York, NY},
author = {Moneta, Giovanni B},
booktitle = {Advances in Flow Research},
editor = {Engeser, Stefan},
isbn = {978-1-4614-2359-1},
pages = {23--50},
publisher = {Springer New York},
title = {{On the Measurement and Conceptualization of Flow}},
year = {2012}
}
@inbook{Engeser2012intro,
address = {New York, NY},
author = {Engeser, Stefan and Schiepe-Tiska, Anja},
booktitle = {Advances in Flow Research},
editor = {Engeser, Stefan},
isbn = {978-1-4614-2359-1},
pages = {1--22},
publisher = {Springer New York},
title = {{Historical Lines and an Overview of Current Research on Flow}},
year = {2012}
}
@inbook{Landhausser2012,
address = {New York, NY},
author = {Landh{\"{a}}u{\ss}er, Anne and Keller, Johannes},
booktitle = {Advances in Flow Research},
editor = {Engeser, Stefan},
isbn = {978-1-4614-2359-1},
pages = {65--85},
publisher = {Springer New York},
title = {{Flow and Its Affective, Cognitive, and Performance-Related Consequences}},
year = {2012}
}
@article{Simlesa2018,
author = {{\v{S}}imle{\v{s}}a, Milija and Guegan, J{\'{e}}r{\^{o}}me and Blanchard, Edouard and Tarpin-Bernard, Franck and Buisine, St{\'{e}}phanie},
journal = {European Journal of Psychology},
number = {1},
title = {{The Flow Engine Framework: A Cognitive Model of Optimal Human Experience}},
volume = {14},
year = {2018}
}
@article{Cowley2008,
author = {Cowley, Ben and Charles, Darryl and Black, Michaela and Hickey, Ray},
journal = {Computers in Entertainment},
number = {2},
pages = {1--27},
title = {{Toward an understanding of flow in video games}},
volume = {6},
year = {2008}
}
@article{Marr2001,
author = {Marr, Arthur J.},
journal = {Athletic Insight},
number = {1},
pages = {online},
title = {{Commentary: In the Zone - A Biobehavioral Theory of the Flow Experience}},
volume = {3},
year = {2001}
}
@incollection{Massimini1988,
address = {New York (NY)},
author = {Massimini, Fausto and Csikszentmihalyi, Mihaly and {Delle Fave}, Antonella},
booktitle = {Optimal experience : psychological studies of flow in consciousness},
pages = {60--83},
publisher = {Cambridge University Press},
title = {{Flow and Bio-cultural Evolution}},
year = {1988}
}
@inproceedings{Labonte-LeMoyne2016,
address = {New York, New York, USA},
author = {Labont{\'{e}}-LeMoyne, {\'{E}}lise and L{\'{e}}ger, Pierre-Majorique and Resseguier, Beverly and Bastarache-Roberge, Marie-Christine and Fredette, Marc and S{\'{e}}n{\'{e}}cal, Sylvain and Courtemanche, Fran{\c{c}}ois},
booktitle = {Proceedings of the 2016 CHI Conference Extended Abstracts on Human Factors in Computing Systems - CHI EA '16},
isbn = {9781450340823},
pages = {1980--1988},
publisher = {ACM Press},
title = {{Are We in Flow Neurophysiological Correlates of Flow States in a Collaborative Game}},
year = {2016}
}
@article{Harmat2015,
author = {Harmat, L{\'{a}}szl{\'{o}} and de Manzano, {\"{O}}rjan and Theorell, T{\"{o}}res and H{\"{o}}gman, Lennart and Fischer, H{\aa}kan and Ull{\'{e}}n, Fredrik},
journal = {International journal of psychophysiology : official journal of the International Organization of Psychophysiology},
number = {1},
pages = {1--7},
pmid = {25956190},
title = {{Physiological correlates of the flow experience during computer game playing.}},
volume = {97},
year = {2015}
}
@article{Wolf2015,
author = {Wolf, Sebastian and Br{\"{o}}lz, Ellen and Keune, Philipp M. and Wesa, Benjamin and Hautzinger, Martin and Birbaumer, Niels and Strehl, Ute},
journal = {Biological Psychology},
pages = {95--105},
title = {{Motor skill failure or flow-experience? Functional brain asymmetry and brain connectivity in elite and amateur table tennis players}},
volume = {105},
year = {2015}
}
@article{Peifer2014,
author = {Peifer, Corinna and Schulz, Andr{\'{e}} and Sch{\"{a}}chinger, Hartmut and Baumann, Nicola and Antoni, Conny H.},
journal = {Journal of Experimental Social Psychology},
pages = {62--69},
title = {{The relation of flow-experience and physiological arousal under stress — Can u shape it?}},
volume = {53},
year = {2014}
}

@article{nakagawa2013general,
  title={A general and simple method for obtaining R2 from generalized linear mixed-effects models},
  author={Nakagawa, Shinichi and Schielzeth, Holger},
  journal={Methods in Ecology and Evolution},
  volume={4},
  number={2},
  pages={133--142},
  year={2013},
  publisher={Wiley Online Library}
}

@article{dang2017spontaneous,
  title={Spontaneous eye blink rate (EBR) is uncorrelated with dopamine D2 receptor availability and unmodulated by dopamine agonism in healthy adults},
  author={Dang, Linh C and Samanez-Larkin, Gregory R and Castrellon, Jaime J and Perkins, Scott F and Cowan, Ronald L and Newhouse, Paul A and Zald, David H},
  journal={eNeuro},
  pages={ENEURO--0211},
  year={2017},
  publisher={Society for Neuroscience}
}

@Article{Bates2015_lme4,
title = {Fitting Linear Mixed-Effects Models Using {lme4}},
author = {Douglas Bates and Martin M{\"a}chler and Ben Bolker and Steve Walker},
journal = {Journal of Statistical Software},     year = {2015},
	volume = {67},
    number = {1},
    pages = {1--48},
    doi = {10.18637/jss.v067.i01},
}


@book{csik1975beyond,
  title={Beyond boredom and anxiety},
  author={Csikszentmihalyi, Mihaly and Csikszentmihalyi, Isabella},
  volume={721},
  year={1975},
  publisher={Jossey-Bass San Francisco}
}

@article{massimini1987monitoring,
  title={The monitoring of optimal experience: A tool for psychiatric rehabilitation.},
  author={Massimini, Fausto and Csikszentmihalyi, Mihaly and Carli, Massimo},
  journal={Journal of Nervous and Mental disease},
  year={1987},
  publisher={Lippincott Williams \& Wilkins}
}

@article{Logan1988automatize,
	number = {4},
	year = {1988},
	pages = {492--527},
	title = {Toward an Instance Theory of Automatization},
	volume = {95},
	author = {Gordon D. Logan},
	journal = {Psychological Review}
}
@article{Palmeri1999powerlaw,
author = {J. Palmeri, Thomas},
year = {1999},
month = {03},
pages = {543-551},
title = {Theories of Automaticity and the Power Law of Practice},
volume = {25},
journal = {Journal of Experimental Psychology: Learning, Memory, and Cognition},
doi = {10.1037/0278-7393.25.2.543}
}
